<?xml version="1.0" encoding="UTF-8"?><collection xmlns="http://www.loc.gov/MARC21/slim"><record><leader>00404nam--2200133-i-4500</leader><controlfield tag="001">000008759</controlfield><controlfield tag="002">20161230</controlfield><controlfield tag="005">20161230201027</controlfield><controlfield tag="008">060222s1000------------r-----000-0-eng-d</controlfield><datafield ind1=" " ind2=" " tag="245"><subfield code="a">Atomic and electron physics. atomic interactio ns. parts b</subfield></datafield><datafield ind1=" " ind2=" " tag="260"><subfield code="a">New York, Academic Press, 1968 Xv + 374 P</subfield></datafield><datafield ind1=" " ind2=" " tag="490"><subfield code="a">Methods Of Experimental Physics</subfield></datafield><datafield ind1=" " ind2=" " tag="700"><subfield code="a">Bederson, Benjamin And Fite, Wade L</subfield></datafield><datafield ind1=" " ind2=" " tag="852"><subfield code="a">14584</subfield></datafield></record></collection>